<?xml version="1.0" encoding="UTF-8"?><record xmlns="http://www.loc.gov/MARC21/slim" xmlns:cinclude="http://apache.org/cocoon/include/1.0" xmlns:zs="http://www.loc.gov/zing/srw/">
  <leader>00448cz  a2200133n  4500</leader>
  <controlfield tag="001">n 2001007778</controlfield>
  <controlfield tag="003">DLC</controlfield>
  <controlfield tag="005">20010406105007.0</controlfield>
  <controlfield tag="008">010330n| acannaabn          |a aaa      </controlfield>
  <datafield tag="010" ind1=" " ind2=" ">
    <subfield code="a">n 2001007778</subfield>
  </datafield>
  <datafield tag="040" ind1=" " ind2=" ">
    <subfield code="a">DLC</subfield>
    <subfield code="b">eng</subfield>
    <subfield code="c">DLC</subfield>
    <subfield code="d">DLC</subfield>
  </datafield>
  <datafield tag="100" ind1="1" ind2=" ">
    <subfield code="a">Staa, AnneLoes van</subfield>
  </datafield>
  <datafield tag="400" ind1="1" ind2=" ">
    <subfield code="a">Van Staa, AnneLoes</subfield>
  </datafield>
  <datafield tag="670" ind1=" " ind2=" ">
    <subfield code="a">Staa, AnneLoes van. Injection practices in the developing world, 1996:</subfield>
    <subfield code="b">t.p. (AnneLoes van Staa, Medical Anthropology Unit, University of Amsterdam)</subfield>
  </datafield>
</record>